@inproceedings{bert,
author = {Jacob Devlin, Ming-Wei Chang, Kenton Lee, Kristina Toutanova},
title = {BERT: Pre-training of Deep Bidirectional Transformers for Language Understanding},
year = {2019},
booktitle ={ACL}
}
@online{nvidia_nvlamb,
  author = {Sharath Sreenivasa and Swetha Mandava and Boris Ginsburg and Chris Forster  },
  title = {Pretraining BERT with Layer-wise Adaptive Learning Rates},
  year = 2019,
  url = {https://developer.nvidia.com/blog/pretraining-bert-with-layer-wise-adaptive-learning-rates/},
  urldate = {2019-12-05}
}
@inproceedings{resnet,
author = {Kaiming He, Xiangyu Zhang, Shaoqing Ren, Jian Sun},
title = {Deep Residual Learning for Image Recognition},
year = {2015},
    eprint={1512.03385},
    archivePrefix={arXiv},
    primaryClass={cs.CV},
    url={https://arxiv.org/abs/1512.03385}
}

@inproceedings{SGD,
author = {Ĺeon Bottou},
title = {Large-Scale Machine Learning with Stochastic Gradient Descent},
year = {2010},
booktitle={COMPSTAT},
}

@inproceedings{efficient_minibatch,
author = {Li, Mu and Zhang, Tong and Chen, Yuqiang and Smola, Alexander J.},
title = {Efficient Mini-Batch Training for Stochastic Optimization},
year = {2014},
pages = {661–670},
numpages = {10},
keywords = {machine learning, distributed computing, big data, stochastic gradient descent, minibatch},
series = {KDD}
}

@misc{ginsburg2018large,
title={Large Batch Training of Convolutional Networks with Layer-wise Adaptive Rate Scaling},
author={Boris Ginsburg and Igor Gitman and Yang You},
year={2018},
url={https://openreview.net/forum?id=rJ4uaX2aW},
}

@inproceedings{adam,
title={Adam: A Method for Stochastic Optimization},
author={Diederik P. Kingma, Jimmy Ba},
year={2014},
eprint={1412.6980},
archivePrefix={arXiv},
primaryClass={cs.LG}
}

@inproceedings{CNN,
title={ImageNet Classification with Deep Convolutional Neural Networks},
author={Alex Krizhevsky, Ilya Sutskever, Geoffrey E. Hinton},
year={2012},
}



@inproceedings{
You2020Large,
title={Large Batch Optimization for Deep Learning: Training BERT in 76 minutes},
author={Yang You and Jing Li and Sashank Reddi and Jonathan Hseu and Sanjiv Kumar and Srinadh Bhojanapalli and Xiaodan Song and James Demmel and Kurt Keutzer and Cho-Jui Hsieh},
booktitle={ICLR},
year={2020}
}

@misc{qian2020impact,
    title={The Impact of the Mini-batch Size on the Variance of Gradients in Stochastic Gradient Descent},
    author={Xin Qian and Diego Klabjan},
    year={2020},
    eprint={2004.13146},
    archivePrefix={arXiv},
    primaryClass={math.OC}
}

@inproceedings{emnist,
author = {Gregory Cohen, Saeed Afshar, Jonathan Tapson, André van Schaik},
title = {EMNIST: an extension of MNIST to handwritten letters},
year = {2017},
    eprint={1702.05373},
    archivePrefix={arXiv},
    primaryClass={cs.CV},
    url={https://arxiv.org/abs/1702.05373}
}

@inproceedings{squad,
author = {Pranav Rajpurkar, Jian Zhang, Konstantin Lopyrev, and Percy Liang},
title = {SQuAD: 100,000+ questions for machine comprehension of text},
booktitle = {Empirical Methods in Natural Language Processing (EMNLP)},
year = {2016},
}

@inproceedings{Krizhevsky,
author = {A. Krizhevsky, I. Sutskever, and G. Hinton},
title = {Imagenet classification with deep convolutional neural networks},
booktitle = {Advances in Neural Information Processing Systems 25},
pages = {1106–1114},
year = {2012},
}

@inproceedings{Keskar,
    title={On Large-Batch Training for Deep Learning: Generalization Gap and Sharp Minima},
    author={Nitish Shirish Keskar, Dheevatsa Mudigere, Jorge Nocedal, Mikhail Smelyanskiy, Ping Tak Peter Tang},
    year={2017},
    eprint={1609.04836},
    archivePrefix={arXiv},
    primaryClass={cs.LG}
}

@inproceedings{Lee,
author = {Kenton Lee, Tom Kwiatkowski, Ankur Parikh, and Dipanjan Das},
title = {Learning recurrent span representations for extractive question answering},
eprint={1611.01436},
year = {2016},
archivePrefix={arXiv},
}


@inproceedings{CTC,
author = {A.Graves,S.Fernández,F.Gomez,and J.Schmidhuber},
title = {Labelling unsegmented sequence data with recurrent neural networks},
booktitle = {ICML},
pages = {369–376},
year = {2006},
}

@inproceedings{BP,
author = {David E. Rumelhart, Geoffrey E. Hinton & Ronald J. Williams},
title = {Learning representations by back-propagating errors},
booktitle = {Nature},
pages = {533–536},
year = {1986},
}

@inproceedings{1989Lecun,
author = {Y. Le Cun, B. Boser, J. S. Denker, D. Henderson, R. E. Howard, W. Hubbard, and L. D. Jackel},
title = {Handwritten Digit Recognition with a Back-Propagation Network},
year = {1989},
}

@inproceedings{webquestion,
author = {Jonathan Berant, Andrew Chou, Roy Frostig, and Percy Liang},
title = {Semantic parsing on freebase from question-answer pairs},
booktitle = {Empirical Methods in Natural Language Processing (EMNLP)},
pages = {1533–1544},
year = {2013},
}

@inproceedings{simplequestion,
author = {Antoine Bordes, Nicolas Usunier, Sumit Chopra, and Jason Weston},
title = {Large-scale simple question answering with memory networks},
booktitle = {Large-scale simple question answering with memory networks},
eprint={1506.02075},
year = {2015},
archivePrefix={arXiv},
}

@inproceedings{KBNELL,
author = {Anthony Fader, Luke Zettlemoyer, and Oren Etzioni},
title = {Open question answering over curated and extracted knowledge bases},
booktitle = {ACM SIGKDD international conference on Knowledge discovery and data mining},
pages = {1156–1165},
year = {2014},
}

@inproceedings{attention,
author = {Dzmitry Bahdanau, Kyunghyun Cho, and Yoshua Bengio},
title = {Neural machine translation by jointly learning to align and translate},
booktitle = {AInternational Conference on Learning Representations (ICLR)},
year = {2015},
}

@inproceedings{attention2,
author = {Jason Weston, Sumit Chopra, and Antoine Bordes},
title = {Memory networks},
booktitle = {International Conference on Learning Representations (ICLR)},
year = {2015},
}

@inproceedings{attention3,
author = {Alex Graves, Greg Wayne, and Ivo Danihelka},
title = {Neural turing machines},
booktitle = {International Conference on Learning Representations (ICLR)},
eprint={1410.5401},
year = {2014},
archivePrefix={arXiv},
}

@inproceedings{Ryu,
author = {Pum-Mo Ryu, Myung-Gil Jang, and Hyun-Ki Kim},
title = {Open domain question answering using Wikipedia-based knowledge model},
booktitle = {Information Processing & Management},
pages = {50(5):683–692},
year = {2014},
}

@inproceedings{acoustic,
author = {H. Bourlard and N. Morgan},
title = {Connectionist Speech Recognition: A Hybrid Approach},
year = {Kluwer Academic Publishers, Norwell, MA, 1993},
}

@inproceedings{acoustic2,
author = {S. Renals, N. Morgan, H. Bourlard, M. Cohen, and H. Franco},
title = {Connectionist probability estimators in HMM speech recognition},
booktitle = {IEEE Transactions on Speech and Audio Processing},
pages = {2(1):161–174},
year = {1994},
}

@inproceedings{DNN,
author = {A.Mohamed, G.Dahl,and G.Hinton},
title = {Acoustic modeling using deep belief networks},
booktitle = {IEEE Transactions on Audio, Speech, and Language Processing},
pages = {(99)},
year = {2011},
}

@inproceedings{CNNacoustics,
author = {O. Abdel-Hamid, A.-r. Mohamed, H. Jang, and G. Penn},
title = {Applying convolutional neural networks concepts to hybrid nn-hmm model for speech recognition},
booktitle = {ICASSP},
year = {2012},
}

@inproceedings{recognizers,
author = {A. Graves, A.-r. Mohamed, and G. Hinton},
title = {Speech recognition with deep recurrent neural networks},
booktitle = {ICASSP},
year = {2013},
}

@inproceedings{featextr,
author = {T. Sainath, O. Vinyals, A. Senior, and H. Sak},
title = {Convolutional, long short-term memory, fully connected deep neural networks},
booktitle = {ICASSP},
year = {2015},
}

@inproceedings{deepspeech,
author = {Dario Amodei, Rishita Anubhai, Eric Battenberg, Carl Case, Jared Casper, Bryan Catanzaro, Jingdong Chen, Mike Chrzanowski, Adam Coates, Greg Diamos, et al},
title = {Deep speech 2: End-to-end speech recognition in english and mandarin},
eprint={1512.02595},
archivePrefix={arXiv preprint},
year = {2015},
}

@inproceedings{LAS,
author = {William Chan, Navdeep Jaitly, Quoc V. Le, Oriol Vinyals},
title = {Listen, Attend and Spell: A Neural Network for Large Vocabulary Conversational Speech Recognition},
booktitle = {ICASSP},
year = {2016},
}

@inproceedings{resCNN,
author = {Kaiming He, Xiangyu Zhang, Shaoqing Ren, Jian Sun},
title = {Deep Residual Learning for Image Recognition},
eprint={1512.03385},
archivePrefix={arXiv},
year = {2015},
}

@inproceedings{DrQA,
  title={Reading {Wikipedia} to Answer Open-Domain Questions},
  author={Chen, Danqi and Fisch, Adam and Weston, Jason and Bordes, Antoine},
  booktitle={Association for Computational Linguistics (ACL)},
  year={2017},
}

@inproceedings{adaplr,
title={Optimizer Benchmarking Needs to Account for Hyperparameter Tuning},
author={Prabhu Teja S, Florian Mai, Thijs Vogels, Martin Jaggi, François Fleuret},
eprint={1910.11758},
archivePrefix={arXiv},
year = {2020},
}

@misc{biLSTM,
title={Bidirectional LSTM-CRF Models for Sequence Tagging},
author={Zhiheng Huang, Wei Xu, Kai Yu},
eprint={1508.01991},
archivePrefix={arXiv},
year = {2015},
}

@inproceedings{Amodei,
  title={END-TO-END SPEECH RECOGNITION IN ENGLISH AND MANDARIN},
  author={Dario Amodei, Rishita Anubhai, Eric Battenberg, Carl Case, Jared Casper, Bryan Catanzaro, Jingdong Chen, Mike Chrzanowski, Adam Coates, Greg Diamos, Erich Elsen, Jesse Engel, Linxi Fan, Christopher Fougner, Tony Han, Awni Hannun, Billy Jun, Patrick LeGresley, Libby Lin, Sharan Narang, Andrew Ng, Sherjil Ozair, Ryan Prenger, Jonathan Raiman, Sanjeev Satheesh, David Seetapun, Shubho Sengupta, Yi Wang, Zhiqian Wang, Chong Wang, Bo Xiao, Dani Yogatama, Jun Zhan, Zhenyao Zhu},
  booktitle = {ICLR},
  year={2016},
}

@inproceedings{clippedReLU,
  title={PACT: PARAMETERIZED CLIPPING ACTIVATION FOR QUANTIZED NEURAL NETWORKS},
  author={Jungwook Choi, Zhuo Wang, Swagath Venkataramani, Pierce I-Jen Chuang, Vijayalakshmi Srinivasan, Kailash Gopalakrishnan},
eprint={1805.06085},
archivePrefix={arXiv},
year = {2018},
}

@ARTICLE{biGRURNN,
  author={H. M. {Lynn} and S. B. {Pan} and P. {Kim}},
  journal={IEEE Access}, 
  title={A Deep Bidirectional GRU Network Model for Biometric Electrocardiogram Classification Based on Recurrent Neural Networks}, 
  year={2019},
  volume={7},
  number={},
  pages={145395-145405},
  doi={10.1109/ACCESS.2019.2939947}}


@INPROCEEDINGS{autopercept,  author={F. {Manessi} and A. {Rozza} and S. {Bianco} and P. {Napoletano} and R. {Schettini}},  booktitle={2018 24th International Conference on Pattern Recognition (ICPR)},   title={Automated Pruning for Deep Neural Network Compression},   year={2018},  volume={},  number={},  pages={657-664},  doi={10.1109/ICPR.2018.8546129}}

@article{Loshchilov2017FixingWD,
  title={Fixing Weight Decay Regularization in Adam},
  author={I. Loshchilov and F. Hutter},
  journal={ArXiv},
  year={2017},
  volume={abs/1711.05101}
}

@article{Sun2019OptimizationFD,
  title={Optimization for deep learning: theory and algorithms},
  author={Ruoyu Sun},
  journal={ArXiv},
  year={2019},
  volume={abs/1912.08957}
}

@ARTICLE{HMM,  author={L. R. {Rabiner}},  journal={Proceedings of the IEEE},   title={A tutorial on hidden Markov models and selected applications in speech recognition},   year={1989},  volume={77},  number={2},  pages={257-286},  doi={10.1109/5.18626}}

@ARTICLE{FFT,  author={H. {Sorensen} and D. {Jones} and M. {Heideman} and C. {Burrus}},  journal={IEEE Transactions on Acoustics, Speech, and Signal Processing},   title={Real-valued fast Fourier transform algorithms},   year={1987},  volume={35},  number={6},  pages={849-863},  doi={10.1109/TASSP.1987.1165220}}

@inproceedings{Yang2019XLNetGA,
  title={XLNet: Generalized Autoregressive Pretraining for Language Understanding},
  author={Z. Yang and Zihang Dai and Yiming Yang and J. Carbonell and R. Salakhutdinov and Quoc V. Le},
  booktitle={NeurIPS},
  year={2019}
}

@article{Masters2018RevisitingSB,
  title={Revisiting Small Batch Training for Deep Neural Networks},
  author={D. Masters and C. Luschi},
  journal={ArXiv},
  year={2018},
  volume={abs/1804.07612}
}


@INPROCEEDINGS{7178964,
  author={V. {Panayotov} and G. {Chen} and D. {Povey} and S. {Khudanpur}},
  booktitle={2015 IEEE International Conference on Acoustics, Speech and Signal Processing (ICASSP)}, 
  title={Librispeech: An ASR corpus based on public domain audio books}, 
  year={2015},
  volume={},
  number={},
  pages={5206-5210},
  doi={10.1109/ICASSP.2015.7178964}}

@misc{drqa_architecture,
 title="DrQA",
 author="Kushal",
 url="https://github.com/kushalj001/pytorch-question-answering/blob/master/1.\%20DrQA.ipynb",
 year=2020
 }